@article{lentz2009residential,
  title={Residential appraisal and the lending process: A survey of issues},
  author={Lentz, George and Wang, Ko},
  journal={Journal of Real Estate Research},
  year={2009},
  publisher={American Real Estate Society}
}

@article {REEC:REEC277,
author = {Colwell, Peter F. and Cannaday, Roger E. and Wu, Chunchi},
title = {The Analytical Foundations of Adjustment Grid Methods},
journal = {Real Estate Economics},
volume = {11},
number = {1},
publisher = {Blackwell Publishing Ltd},
issn = {1540-6229},
url = {http://dx.doi.org/10.1111/1540-6229.00277},
doi = {10.1111/1540-6229.00277},
pages = {11--29},
year = {1983},
}

@article{gau1992optimal,
  title={Optimal Comparable Selection and Weighting in Real Property Valuation: An Extension},
  author={Gau, George W and Lai, Tsong-Yue and Wang, Ko},
  journal={Real Estate Economics},
  volume={20},
  number={1},
  pages={107--123},
  year={1992},
  publisher={Wiley Online Library}
}

@Article{Wu2008,
author="Wu, Xindong
and Kumar, Vipin
and Ross Quinlan, J.
and Ghosh, Joydeep
and Yang, Qiang
and Motoda, Hiroshi
and McLachlan, Geoffrey J.
and Ng, Angus
and Liu, Bing
and Yu, Philip S.
and Zhou, Zhi-Hua
and Steinbach, Michael
and Hand, David J.
and Steinberg, Dan",
title="Top 10 algorithms in data mining",
journal="Knowledge and Information Systems",
year="2008",
volume="14",
number="1",
pages="1--37",
issn="0219-3116",
doi="10.1007/s10115-007-0114-2",
url="http://dx.doi.org/10.1007/s10115-007-0114-2"
}

@book{montgomery2015introduction,
  title={Introduction to linear regression analysis},
  author={Montgomery, Douglas C and Peck, Elizabeth A and Vining, G Geoffrey},
  year={2015},
  publisher={John Wiley \& Sons}
}

@article {WICS:WICS101,
author = {Abdi, Herv√© and Williams, Lynne J.},
title = {Principal component analysis},
journal = {Wiley Interdisciplinary Reviews: Computational Statistics},
volume = {2},
number = {4},
publisher = {John Wiley & Sons, Inc.},
issn = {1939-0068},
url = {http://dx.doi.org/10.1002/wics.101},
doi = {10.1002/wics.101},
pages = {433--459},
keywords = {singular and eigen value decomposition, bilinear decomposition, factor scores and loadings, RESS PRESS, multiple factor analysis},
year = {2010},
}
