@inproceedings{richardson2007predicting,
  title={Predicting clicks: estimating the click-through rate for new ads},
  author={Richardson, Matthew and Dominowska, Ewa and Ragno, Robert},
  booktitle={Proceedings of the 16th international conference on World Wide Web},
  pages={521--530},
  year={2007},
  organization={ACM}
}

@inproceedings{graepel2010web,
  title={Web-scale bayesian click-through rate prediction for sponsored search advertising in microsoft's bing search engine},
  author={Graepel, Thore and Candela, Joaquin Q and Borchert, Thomas and Herbrich, Ralf},
  booktitle={Proceedings of the 27th International Conference on Machine Learning (ICML-10)},
  pages={13--20},
  year={2010}
}

@inproceedings{zhu2010novel,
  title={A novel click model and its applications to online advertising},
  author={Zhu, Zeyuan Allen and Chen, Weizhu and Minka, Tom and Zhu, Chenguang and Chen, Zheng},
  booktitle={Proceedings of the third ACM international conference on Web search and data mining},
  pages={321--330},
  year={2010},
  organization={ACM}
}

@inproceedings{agarwal2009spatio,
  title={Spatio-temporal models for estimating click-through rate},
  author={Agarwal, Deepak and Chen, Bee-Chung and Elango, Pradheep},
  booktitle={Proceedings of the 18th international conference on World wide web},
  pages={21--30},
  year={2009},
  organization={ACM}
}

@inproceedings{hillard2010improving,
  title={Improving ad relevance in sponsored search},
  author={Hillard, Dustin and Schroedl, Stefan and Manavoglu, Eren and Raghavan, Hema and Leggetter, Chirs},
  booktitle={Proceedings of the third ACM international conference on Web search and data mining},
  pages={361--370},
  year={2010},
  organization={ACM}
}

@inproceedings{lu2010contextual,
  title={Contextual Multi-Armed Bandits.},
  author={Lu, Tyler and P{\'a}l, D{\'a}vid and P{\'a}l, Martin},
  booktitle={AISTATS},
  pages={485--492},
  year={2010}
}

@inproceedings{mcmahan2013ad,
  title={Ad click prediction: a view from the trenches},
  author={McMahan, H Brendan and Holt, Gary and Sculley, David and Young, Michael and Ebner, Dietmar and Grady, Julian and Nie, Lan and Phillips, Todd and Davydov, Eugene and Golovin, Daniel and others},
  booktitle={Proceedings of the 19th ACM SIGKDD international conference on Knowledge discovery and data mining},
  pages={1222--1230},
  year={2013},
  organization={ACM}
}
